@MISC{train_ttc,
	title = "{The TTC 2015 Train Benchmark Case for Incremental Model Validation}",
	howpublished = "\url{https://www.sharelatex.com/github/repos/FTSRG/trainbenchmark-ttc-paper/}"
}

@MISC{emf,
	title = "{Eclipse Modeling Framework}",
	howpublished = "\url{https://www.eclipse.org/modeling/emf/}"
}

@MISC{graphml,
	title = "{The GraphML File Format}",
	howpublished = "\url{http://graphml.graphdrawing.org/}"
}

@MISC{sample1,
	title = "{Population and Sample Definition}",
	howpublished = "\url{http://www.statistics.com/glossary&term_id=812}"
}

@MISC{sample2,
	title = "{Populations and Samples}",
	howpublished = "\url{http://stattrek.com/sampling/populations-and-samples.aspx?Tutorial=AP}"
}

@book{statistics_book,
	author = {Douglas C. Montgomery, George C. Runger},
	title = {Applied Statistics and Probability for Engineers},
	date = {2003},
}
@MISC{distributions,
	ALTauthor = {R-forge Distributions Core Team},
	title = {A Guide on Probability Distributions},
	date = {2008-2009},
	howpublished = "\url{http://dutangc.free.fr/pub/prob/probdistr-main.pdf}"
}
@MISC{covariance,
	title = {Covariance},
	howpublished = "\url{http://mathworld.wolfram.com/Covariance.html}"
}

@article{statistical_mechanics,
title = {Statistical mechanics of complex networks},
author = {Albert, R\'eka and Barab\'asi, Albert-L\'aszl\'o},
journal = {Rev. Mod. Phys.},
volume = {74},
issue = {1},
pages = {47--97},
numpages = {0},
year = {2002},
month = {Jan},
publisher = {American Physical Society},
doi = {10.1103/RevModPhys.74.47},
url = {http://link.aps.org/doi/10.1103/RevModPhys.74.47}
}

@inproceedings{algebraic1, 
author={Jamakovic, A. and Uhlig, S.}, 
booktitle={Next Generation Internet Networks, 3rd EuroNGI Conference on}, 
title={On the relationship between the algebraic connectivity and graph's robustness to node and link failures}, 
year={2007}, 
pages={96-102}, 
keywords={complex networks;eigenvalues and eigenfunctions;graph theory;matrix algebra;network theory (graphs);Laplacian matrix;algebraic connectivity;complex network model;eigenvalue;node-link failure;random graph;scale-free graph;small-world graph;topological metrics;Complex networks;Computer science;Eigenvalues and eigenfunctions;Graph theory;Laplace equations;Mathematics;Network topology;Predictive models;Robustness;Upper bound}, 
doi={10.1109/NGI.2007.371203}, 
month={May},
}

@inproceedings{algebraic2,
author = {Bigdeli, Alireza and Tizghadam, Ali and Leon-Garcia, Alberto},
title = {Comparison of Network Criticality, Algebraic Connectivity, and Other Graph Metrics},
booktitle = {Proceedings of the 1st Annual Workshop on Simplifying Complex Network for Practitioners},
series = {SIMPLEX '09},
year = {2009},
isbn = {978-1-60558-704-2},
location = {Venice, Italy},
pages = {4:1--4:6},
articleno = {4},
numpages = {6},
url = {http://doi.acm.org/10.1145/1610304.1610308},
doi = {10.1145/1610304.1610308},
acmid = {1610308},
publisher = {ACM},
address = {New York, NY, USA},
keywords = {graph spectrum, graph theory, network robustness},
}

@article{chinese,
title = "Empirical analysis of a scale-free railway network in China",
journal = "Physica A: Statistical Mechanics and its Applications ",
volume = "382",
number = "2",
pages = "693 - 703",
year = "2007",
note = "",
issn = "0378-4371",
doi = "http://dx.doi.org/10.1016/j.physa.2007.04.031",
url = "http://www.sciencedirect.com/science/article/pii/S0378437107003949",
author = "W. Li and X. Cai",
keywords = "Scaling law",
keywords = "Transportation network",
keywords = "Complex system "
}


@ARTICLE{berlin,
author = {Christian Bizer and Andreas Schultz},
title = {The Berlin SPARQL Benchmark},
journal = {International Journal On Semantic Web and Information Systems},
year = {2009}
}


@MISC{berlin_specification,
title = "{Berlin SPARQL Benchmark (BSBM) Specification V3.1}",
howpublished = "\url{http://wifo5-03.informatik.uni-mannheim.de/bizer/berlinsparqlbenchmark/spec/}"
}

@MISC{dbpedia_data,
title = "{DBpedia}",
howpublished = "\url{http://wiki.dbpedia.org/}"
}

@inproceedings{dbpedia,
author = {Morsey, Mohamed and Lehmann, Jens and Auer, S\"{o}ren and Ngomo, Axel-Cyrille Ngonga},
title = {DBpedia SPARQL Benchmark: Performance Assessment with Real Queries on Real Data},
booktitle = {Proceedings of the 10th International Conference on The Semantic Web - Volume Part I},
series = {ISWC'11},
year = {2011},
isbn = {978-3-642-25072-9},
location = {Bonn, Germany},
pages = {454--469},
numpages = {16},
url = {http://dl.acm.org/citation.cfm?id=2063016.2063046},
acmid = {2063046},
publisher = {Springer-Verlag},
address = {Berlin, Heidelberg},
} 

@inproceedings{sp2bench,
year={2010},
isbn={978-3-642-04328-4},
booktitle={Semantic Web Information Management},
editor={de Virgilio, Roberto and Giunchiglia, Fausto and Tanca, Letizia},
doi={10.1007/978-3-642-04329-1_16},
title={SP2Bench: A SPARQL Performance Benchmark},
url={http://dx.doi.org/10.1007/978-3-642-04329-1_16},
publisher={Springer Berlin Heidelberg},
author={Schmidt, Michael and Hornung, Thomas and Meier, Michael and Pinkel, Christoph and Lausen, Georg},
pages={371-393},
language={English}
}

@MISC{dblp,
title = "{Digital Bibliography and Library Project}",
howpublished = "\url{http://dblp.uni-trier.de/db/}"
}

@MISC{network_rail,
title = "{Network Rail}",
howpublished = "\url{http://www.networkrail.co.uk/about-us/}"
}

@MISC{schedules_data,
title = "{Train Schedules Data}",
howpublished = "\url{http://nrodwiki.rockshore.net/index.php/SCHEDULE}"
}

@MISC{power_law_from_uniform,
author = "{Weisstein, Eric W.}",
title = {Random Number},
howpublished = "\url{http://mathworld.wolfram.com/RandomNumber.html}"
}

@MISC{lattice,
author = "{Wagon, Stan and Weisstein, Eric W.}",
title = {Lattice Graph},
howpublished = "\url{http://mathworld.wolfram.com/LatticeGraph.html}"
}

@MISC{jena,
title = {Apache Jena ARQ},
howpublished = "\url{https://jena.apache.org/documentation/query/index.html}"
}

@inproceedings{www1,
year={1999},
booktitle={Nature},
volume={401},
title={The diameter of the world wide web},
author={R. Albert, H. Jeong, A. L. Barabási},
pages={130-131},
language={English}
}

@inproceedings{www2,
year={1999},
booktitle={Nature},
volume={401},
title={Growth dynamics of the World-Wide Web},
author={Huberman, B. A. ; Adamic, L. A.},
pages={131},
language={English}
}

@MISC{heavy_tail,
title = {Heavy Tail Distribution},
howpublished = "\url{https://reference.wolfram.com/language/guide/HeavyTailDistributions.html}"
}

@article{hierarchical,
title = {Hierarchical organization in complex networks},
author = {Ravasz, Erzs\'ebet and Barab\'asi, Albert-L\'aszl\'o},
journal = {Phys. Rev. E},
volume = {67},
issue = {2},
pages = {026112},
numpages = {7},
year = {2003},
month = {Feb},
publisher = {American Physical Society},
doi = {10.1103/PhysRevE.67.026112},
url = {http://link.aps.org/doi/10.1103/PhysRevE.67.026112}
}


@article{ws_metrics,
title = {Collective dynamics of small-world networks},
author = {Duncan J. Watts and Steven H. Strogatz},
journal = {Nature},
volume = {393},
pages = {440-442},
year = {1998},
month = {June},
doi = {10.1038/30918}
}

@article{random_study,
title = {Random graphs with arbitrary degree distributions and their applications},
author = {Newman, M. E. J. and Strogatz, S. H. and Watts, D. J.},
journal = {Phys. Rev. E},
volume = {64},
issue = {2},
pages = {026118},
numpages = {17},
year = {2001},
month = {Jul},
publisher = {American Physical Society},
doi = {10.1103/PhysRevE.64.026118},
url = {http://link.aps.org/doi/10.1103/PhysRevE.64.026118}
}

@INPROCEEDINGS{random_p,
author = {P. Erdős and A Rényi},
title = {On the Evolution of Random Graphs},
booktitle = {Publication of the Mathematical Institute of the Hungarian Academy of Sciences},
year = {1960},
pages = {20}
}

@MISC {tb_report,
title = {Train Benchmark Technical Report},
year = {2014},
author = {Benedek Izs{\'o} and G{\'a}bor Sz{\'a}rnyas and Istv{\'a}n R{\'a}th and D{\'a}niel Varr{\'o}},
howpublished = "\url{https://www.sharelatex.com/github/repos/FTSRG/trainbenchmark-docs/builds/latest/output.pdf}"
}

@MISC {mondo,
title = {{MONDO}},
howpublished = "\url{http://www.mondo-project.org/}"
}

@MISC {property_path,
title = {{SPARQL Property Paths}},
howpublished = "\url{http://www.w3.org/TR/sparql11-property-paths/}"
}


@MISC {4store,
	title = {{4store}},
	howpublished = "\url{http://4store.org/}"
}

@MISC {sesame,
	title = {{Sesame}},
	howpublished = "\url{http://rdf4j.org/}"
}

@MISC {blaze,
	title = {{Blazegraph}},
	howpublished = "\url{https://www.blazegraph.com/product/}"
}

@inproceedings {mondo-sam,
	title = {{MONDO-SAM: A Framework to Systematically Assess MDE Scalability}},
	booktitle = {{BigMDE 2014 2nd Workshop on Scalable Model Driven Engineering}},
	year = {2014},
	pages = {40},
	publisher = {ACM},
	organization = {ACM},
	author = {Benedek Izs{\'o} and G{\'a}bor Sz{\'a}rnyas and Istv{\'a}n R{\'a}th and D{\'a}niel Varr{\'o}}
}

@article{clustering_formula,
	title = {Understanding the Cell's Functional Organization Nature Genetics},
	author = {{A. L. Barabási, Z. N. Oltvai}},
	journal = {Network Biology},
	volume = {5},
	pages = {101-114},
	numpages = {17},
	year = {2004}
}

@article{gilbert_random,
	author = "Gilbert, E. N.",
	doi = "10.1214/aoms/1177706098",
	fjournal = "The Annals of Mathematical Statistics",
	journal = "Ann. Math. Statist.",
	month = "12",
	number = "4",
	pages = "1141--1144",
	publisher = "The Institute of Mathematical Statistics",
	title = "Random Graphs",
	url = "http://dx.doi.org/10.1214/aoms/1177706098",
	volume = "30",
	year = "1959"
}

@article{erdos_random,
	author = {{Erd\"{o}s, P. and R\'{e}nyi, A.}},
	citeulike-article-id = {4012374},
	citeulike-linkout-0 = {http://www.renyi.hu/\~{}p\_erdos/Erdos.html\#1959-11},
	journal = {Publicationes Mathematicae (Debrecen)},
	keywords = {graphs, random},
	pages = {290--297},
	posted-at = {2009-02-28 00:47:14},
	priority = {2},
	title = {{On random graphs, I}},
	url = {http://www.renyi.hu/\~{}p\_erdos/Erdos.html\#1959-11},
	volume = {6},
	year = {1959}
}

@MISC {random_variable,
	title = {{Random Variable}},
	howpublished = "\url{http://www.stat.yale.edu/Courses/1997-98/101/ranvar.htm}"
}

@MISC {boxplot,
	title = {{Box Plot}},
	howpublished = "\url{http://www.physics.csbsju.edu/stats/box2.html}"
}


@inproceedings {metric_ase,
	title = {{Towards Precise Metrics for Predicting Graph Query Performance}},
	booktitle = {2013 IEEE/ACM 28th International Conference on Automated Software Engineering (ASE)},
	year = {2013},
	note = {Acceptance Rate: 23\%},
	month = {11/2013},
	pages = {412--431},
	publisher = {IEEE},
	organization = {IEEE},
	address = {Silicon Valley, CA, USA},
	keywords = {IncQuery},
	doi = {10.1109/ASE.2013.6693100},
	author = {Benedek Izs{\'o} and Zolt{\'a}n Szatm{\'a}ri and G{\'a}bor Bergmann and {\'A}kos Horv{\'a}th and Istv{\'a}n R{\'a}th}
}

@MISC {RDF,
	title = {{Resource Description Framework}},
	howpublished = "\url{http://www.w3.org/RDF/}"
}

@misc{rodriguez_benchmark,
	author = {Marko A. Rodriguez},
	title = {{Titan Provides Real-Time Big Graph Data}},
	howpublished = "\url{http://thinkaurelius.com/2012/08/06/titan-provides-real-time-big-graph-data/}",
	year = 2012
}

@misc{dex_benchmark,
	author = {Sparsity Technologies},
	title = {{DEX scalability with high-performance}}, 
	howpublished = "\url{http://sparsity-technologies.com/blog/dex-scalability-with-high-performance/}",
	year = 2011
}

@article{DBLP:journals/ase/DayarathnaS14,
	author    = {Miyuru Dayarathna and
	Toyotaro Suzumura},
	title     = {Graph database benchmarking on cloud environments with XGDBench},
	journal   = {Autom. Softw. Eng.},
	volume    = {21},
	number    = {4},
	pages     = {509--533},
	year      = {2014},
	url       = {http://dx.doi.org/10.1007/s10515-013-0138-7},
	doi       = {10.1007/s10515-013-0138-7},
	timestamp = {Tue, 07 Oct 2014 15:25:10 +0200},
	biburl    = {http://dblp.uni-trier.de/rec/bib/journals/ase/DayarathnaS14},
	bibsource = {dblp computer science bibliography, http://dblp.org}
}


@inproceedings{McColl:2014:PEO:2567634.2567638,
	author = {McColl, Robert Campbell and Ediger, David and Poovey, Jason and Campbell, Dan and Bader, David A.},
	title = {A Performance Evaluation of Open Source Graph Databases},
	booktitle = {Proceedings of the First Workshop on Parallel Programming for Analytics Applications},
	series = {PPAA '14},
	year = {2014},
	isbn = {978-1-4503-2654-4},
	location = {Orlando, Florida, USA},
	pages = {11--18},
	numpages = {8},
	url = {http://doi.acm.org/10.1145/2567634.2567638},
	doi = {10.1145/2567634.2567638},
	acmid = {2567638},
	publisher = {ACM},
	address = {New York, NY, USA},
	keywords = {graph algorithms, graph databases, relational databases},
} 

@misc{tpc,
	title = {{Transaction Processing Performance Council}}, 
	howpublished = "\url{http://www.tpc.org/tpch/}"
}


@article{grabats2008,
	title={{Graph Transformation Tool Contest 2008}},
	author={Rensink, Arend and Van Gorp, Pieter},
	journal={International Journal on Software Tools for Technology Transfer},
	volume={12},
	number={3-4},
	pages={171--181},
	year={2010},
	publisher={Springer}
}

@misc{grabats2009,
	title = {{5th International Workshop on Graph-Based Tools}},
	year = {{2009}},
	howpublished = {\url{http://is.tm.tue.nl/staff/pvgorp/events/grabats2009/}}
}

@article{ttc2010,
	title={{Transformation Tool Contest 2010}},
	author={Mazanek, Steffen and Rensink, Arend and Van Gorp, Pieter},
	journal={Malaga, Spain},
	volume={41},
	year={2010}
}

@article{ttc2011,
	title={{Fifth Transformation Tool Contest}},
	author={Van Gorp, Pieter and Mazanek, Steffen and Rose, Louis},
	journal={arXiv preprint arXiv:1111.4407},
	year={2011}
}

@article{ttc2013,
	title={{Sixth Transformation Tool Contest}},
	author={Van Gorp, Pieter and Rose, Louis M. and Krause, Christian},
	journal={arXiv preprint arXiv:1311.7536v1},
	year={2013}
}

@proceedings{ttc2014,
	editor    = {Louis M. Rose and Christian Krause and    Tassilo Horn},
	title     = {Proceedings of the 7th Transformation Tool Contest part of the Software
	Technologies: Applications and Foundations {(STAF} 2014) federation
	of conferences, York, United Kingdom, July 25, 2014},
	series    = {{CEUR} Workshop Proceedings},
	volume    = {1305},
	publisher = {CEUR-WS.org},
	year      = {2014},
	url       = {http://ceur-ws.org/Vol-1305},
	timestamp = {Tue, 03 Mar 2015 18:16:31 +0100},
	biburl    = {http://dblp.uni-trier.de/rec/bib/conf/staf/2014tcc},
	bibsource = {dblp computer science bibliography, http://dblp.org}
}

@proceedings{ttc2015,
	editor    = {Tassilo Horn and Filip Krikava and Louis M. Rose},
	title     = {Proceedings of the 8th Transformation Tool Contest part of the Software Technologies: Applications and Foundations {(STAF} 2015) federation of conferences, L'Aquila, Italy, July 24, 2015},
	series    = {{CEUR} Workshop Proceedings},
	volume    = {},
	publisher = {CEUR-WS.org},
	year      = {2014},
	url       = {},
}